@inproceedings{cordella2001improved,
  title={An improved algorithm for matching large graphs},
  author={Cordella, Luigi Pietro and Foggia, Pasquale and Sansone, Carlo and Vento, Mario},
  booktitle={3rd IAPR-TC15 workshop on graph-based representations in pattern recognition},
  pages={149--159},
  year={2001},
  organization={Citeseer}
}

@article{grohe2017color,
  title={Color refinement and its applications},
  author={Grohe, Martin and Kersting, Kristian and Mladenov, Martin and Schweitzer, Pascal},
  journal={Van den Broeck, G.; Kersting, K.; Natarajan, S},
  pages={30},
  year={2017}
}

@article{gudes2010graph,
  title={Graph and web mining-motivation, applications and algorithms},
  author={Gudes, Ehud and Vanetik, N and Cohen, M and Shimony, E},
  journal={Presentation, Department of Computer Science Ben-Gurion University, Israel},
  year={2010}
}

@article{shervashidze2011weisfeiler,
  title={Weisfeiler-lehman graph kernels.},
  author={Shervashidze, Nino and Schweitzer, Pascal and Van Leeuwen, Erik Jan and Mehlhorn, Kurt and Borgwardt, Karsten M},
  journal={Journal of Machine Learning Research},
  volume={12},
  number={9},
  year={2011}
}

@article{tolley1995graph,
  title={Graph Isomorphism Algorithms: Investigation Of The Graph Isomorphism Problem},
  author={Tolley, Tracy R and Franceschini, Robert W and Petty, Mikel D},
  year={1995},
  publisher={Institute for Simulation and Training, University of Central Florida}
}

@article{somkunwar2017comparative,
  title={A comparative study of graph isomorphism applications},
  author={Somkunwar, Rachna and Vaze, Vinod Moreshwar},
  journal={International Journal of Computer Applications},
  volume={162},
  number={7},
  pages={34--37},
  year={2017},
  publisher={Foundation of Computer Science}
}
@misc{networkxalgo, title={Source code for networkx.algorithms.isomorphism.isomorphvf2}, howpublished = "\url{https://networkx.org/documentation/stable/_modules/networkx/algorithms/isomorphism/isomorphvf2.html}", journal={networkx.algorithms.isomorphism.isomorphvf2 - NetworkX 2.8 documentation}} 
 
@misc{wlTest, title={Graph Isomorphism Problem Solver by Seweryn Panek Wroc≈Çaw University of Science and Technology.}, howpublished = "\url{https://github.com/sewerus/grismo#implemented-algorithms}"} 

@misc{bruteGI, title={Brute-force code for Isomorphisms}, howpublished = "\url{https://tonicanada.medium.com/brute-force-code-for-isomorphisms-1241ef180570}"} 

@article{dharwadker2009graph,
  title={The graph isomorphism algorithm},
  author={Dharwadker, Ashay and Tevet, J},
  journal={Proceedings of the Structure Semiotics Research Group},
  year={2009}
}

